1565 3023
5 1329 165 1377 minor.

320 91 368 132 M
395 92 432 131 A
460 89 508 131 M
537 90 584 130 M
611 88 697 132 AL
722 93 740 132 1
768 93 816 132 A.
929 90 1112 144 *Spalam
1335 91 1418 144 379

179 249 183 253 .
221 188 414 262 *Talpam
434 208 625 250 fibiricam
648 209 911 250 versicolorem
942 209 1073 250 Sebae
1097 209 1297 260 (Talpam
1327 206 1416 247 afia-

302 278 436 326 ticam,
469 277 546 323 vid‚
570 290 658 332 pag.
700 274 822 329 120)
856 275 934 317 effe
952 274 1416 335 putat.qodiflIGulde11-

304 343 482 385 stiidtius:
512 344 572 384 vix
599 355 731 383 tamen
757 343 919 384 videtur.

243 485 409 528 Habitat
433 484 484 525 ad
506 486 691 538 VVolgam
712 501 734 525 a
756 488 900 540 Sysran
920 499 1040 541 vsque
1057 485 1107 526 ad
1135 489 1334 541 'Zatyzynz
1370 486 1414 526 in

306 554 454 605 campis
487 553 623 605 apricis
651 553 855 593 vastiffimis
876 551 1032 594 desertis
1055 551 1358 594 Tanaicenfibus
1371 567 1413 592 ac

303 621 345 660 in
367 621 453 664 vicis
465 621 665 674 hortisque
678 621 804 660 vicinis
823 618 1162 674 frequentissimus.
1232 617 1413 660 Proxime'

300 683 370 726 sub
396 698 520 727 terrae
547 683 747 740 superficie
769 685 870 726 fodit
894 687 1047 728 canales
1078 688 1186 727 rostri
1215 700 1290 739 ope
1319 687 1412 727 Tal-

299 767 374 807 pae
395 754 524 805 instar,
565 755 607 794 in
633 754 767 794 medio
803 753 942 794 nidum
971 754 1217 807 relinquens,
1256 754 1297 793 in
1333 768 1417 806 quo

304 822 448 861 leiium
471 835 521 861 ex
548 820 786 874 graminibus
808 821 970 861 conficit.
1002 821 1146 861 Hieme
1182 818 1412 873 profundius

304 889 401 928 latet
421 890 521 927 intra
543 898 698 928 terram.
726 896 729 899 ’
776 886 944 929 Inceffus
984 887 1226 929 tradiffimus.
1294 887 1412 928 Viffl-

301 966 354 996 tat
375 955 570 1007 gramine,
607 954 820 1003 radicibus,
854 951 1076 1006 praesertim
1095 955 1310 995 aromaticis
1331 968 1412 993 vm·

298 1019 577 1062 belliferarum.
642 1025 731 1062 Vox
751 1022 916 1074 pipiens.
981 1019 1073 1062 Coit
1098 1022 1250 1062 aestate.
1309 1022 1413 1061 Parit

300 1090 427 1141 pullos
450 1088 526 1129 duo
554 1087 605 1129 ad
623 1099 796 1143 quatuor.
863 1088 1059 1130 Pulicibus
1082 1087 1293 1141 obnoxius,
1328 1102 1410 1130 non

289 1155 493 1209 pediculis.

239 1347 283 1378 2.
301 1333 340 1378 S.
371 1326 511 1376 rostro
538 1328 807 1378 abbreuiatm

237 1405 328 1444 Mus
348 1403 514 1455 talpinus
542 1404 687 1444 Pallas:
734 1404 837 1444 Nou.
866 1415 1055 1445 comment.
1082 1415 1225 1458 petrop.
1246 1404 1348 1446 XIV
1368 1417 1408 1460 p.

288 1472 376 1526 568
410 1468 487 1509 tab.
509 1482 564 1512 21
601 1470 669 1528 fig.
695 1481 737 1521 3.

236 1532 607 1590 Slepuschtschonka
642 1533 710 1589 (id
729 1538 802 1578 est:
837 1539 1014 1590 coecus),
1043 1538 1301 1590 Semljaroika
1331 1535 1407 1596 (id

290 1605 365 1647 est:
396 1601 514 1646 foflbr
533 1604 683 1660 terrae)
714 1602 846 1658 Ruffis.

235 1745 515 1799 Magnitudine
533 1748 676 1787 -Muris
709 1745 922 1799 amphibii:
965 1747 1213 1800 longitudine
1235 1749 1408 1801 emporis

297 1812 351 1869 3}
370 1812 461 1866 poll.
504 1813 654 1855 caudae
680 1824 715 1866 4
734 1815 943 1861 linearum3
985 1814 1174 1866 ponderis
1208 1814 1406 1855 drachma-

299 1894 386 1920 rum
429 1879 580 1920 decem.
665 1881 808 1921 Similis
843 1881 1023 1920 nonnihil
1052 1882 1407 1934 Muris-amphibii.

296 1948 427 1999 Caput
451 1946 618 2000 grande,
651 1944 942 1987 subrotundum.
1041 1947 1210 1989 Rostrum
1234 1947 1405 1990 breuissi-

298 2027 424 2063 mum,
455 2011 634 2063 craffum,
676 2011 860 2062 retusum,
897 2003 1077 2055 lateribus
1113 2011 1405 2058 hirsutiffimum.

292 2077 411 2124 Nasus
431 2081 589 2134 planus,
619 2094 699 2121 non
719 2080 934 2133 produEius,
964 2092 1174 2132 truncatus,
1211 2082 1406 2138 didymus,

298 2143 442 2197 fuscus,
487 2146 629 2193 nudus.
709 2151 830 2188 Nares
874 2149 1148 2198 conniuentes‚
1211 2149 1406 2192 distantes.

293 2213 458 2256 Labium
508 2210 676 2267 superius
704 2229 822 2269 vsque
863 2215 914 2256 ad
942 2229 1052 2256 nares
1074 2216 1151 2254 late
1171 2216 1405 2272 bipartitum,

303 2282 436 2332 hians,
469 2279 686 2335 dentesque
710 2278 924 2334 superiores
944 2295 1062 2335 vsque
1089 2282 1140 2322 ad
1171 2283 1275 2329 baiin
1299 2283 1407 2325 dete-

302 2361 424 2401 gens,
465 2346 514 2389 ab
554 2359 714 2401 vtroque
742 2350 866 2389 latere
896 2350 1146 2400 tumidulum,
1182 2348 1407 2404 pubescens,

294 2416 470 2469 intraque
489 2429 531 2455 os
553 2416 766 2456 conniuens
795 2427 841 2472 et,
853 2417 1000 2466 coiens,
1033 2417 1160 2470 palato
1181 2430 1286 2468 pene
1311 2415 1406 2457 den·

302 2492 360 2521 tes
392 2482 581 2534 primores
623 2481 841 2523 deficiente.
918 2484 1084 2524 Labium
1129 2479 1406 2533 inferiusjcras-

294 2543 395 2598 sum,
429 2548 567 2588 dentes
596 2551 793 2601 vaginans.
859 2552 1009 2590 Dentes
1028 2552 1217 2602 primores
1238 2545 1408 2600 superio-

298 2627 363 2655 res
385 2613 589 2665 denudati,
623 2616 725 2670 quafi
752 2629 860 2658 extra
891 2631 932 2658 os
952 2617 1137 2670 porrec‘ti,
1167 2616 1319 2667 magni,
1351 2615 1407 2656 in-

1292 2692 1408 2724 tenus
