1610 3028
445 255 1074 316 PRAEFATIO.

70 444 338 548 Animus
368 471 470 530 fuit
481 472 536 530 in
561 468 942 530 conscribendo
957 469 1125 535 libro,
1161 467 1305 525 cuius
1318 464 1469 543 prio·

71 582 187 621 rem
207 564 310 622 edo
329 563 662 640 particulam,
701 565 883 639 primo
937 561 1246 658 catalogum
1276 558 1468 614 anima-

67 654 198 711 lium
218 653 623 747 locupletiorem
649 651 927 709 exhibendi
945 646 1077 718 istis,
1110 649 1211 727 qui
1231 648 1288 703 in
1317 645 1470 724 syste-

67 760 208 802 mate
228 748 436 822 naturae
460 743 757 819 perillustris
791 739 1255 816 11NNE1‚aliisqu
1260 756 1288 793 e
1325 736 1468 794 libris

70 833 429 899 offenduntur,
474 833 597 890 dein
618 832 907 910 synonyma
926 831 1088 907 plura
1084 841 1155 886 ex
1168 826 1470 886 auE²oribus

48 925 284 981 ¹’colleela
302 922 758 1000 tradendisuisque
790 917 1048 999 quaelibet
1077 918 1341 996 speciebus
1372 918 1470 982 tri-

45 1013 291 1082 buendi,
326 1033 483 1092 quam
506 1033 636 1091 quae
673 1030 918 1072 LiNNssvs
951 1000 1138 1076 haber,
1191 1008 1332 1086 iique
1377 1008 1468 1085 qui

20 1146 22 1149 -
64 1104 218 1163 huius
239 1105 338 1161 viri
360 1104 671 1160 immortalis
709 1102 917 1177 vestigia
948 1100 1183 1177 pressere.

206 1193 452 1270 Disposui
477 1196 680 1270 itaque,
723 1212 855 1270 quae
886 1191 1016 1248 mihi
1033 1193 1380 1248 innotuerunt
1405 1209 1470 1247 ex

62 1284 422 1350 Mammalium
445 1282 587 1340 claffe
608 1282 857 1350 animalia,
893 1282 1026 1340 hanc
1046 1282 1185 1339 enim
1197 1279 1355 1337 solam
1366 1278 1470 1349 ho-

65 1373 153 1434 die
185 1373 467 1432 absolutam
500 1373 633 1456 edo,
675 1389 784 1430 tam
816 1373 1048 1449 propriis
1095 1370 1470 1428 obseruationi-

64 1465 194 1533 bus,
224 1484 380 1542 quam
407 1452 681 1521 :melorum
711 1463 952 1521 lecrione.
1071 1462 1280 1520 Genera
1319 1458 1470 1516 stabi-

64 1555 189 1622 lini,
241 1574 371 1632 quae
406 1553 538 1610 mihi
583 1554 807 1610 maxime
837 1553 1078 1610 naturalia
1112 1550 1238 1619 visa,
1281 1551 1469 1608 nullius

65 1641 314 1702 iurans'in
345 1644 504 1700 verba
526 1643 777 1718 magistri3
829 1643 1117 1719 specierum
1158 1641 1469 1699 charaReres

65 1735 204 1800 erui,
246 1735 517 1792 varietates
536 1733 837 1811 praecipuas
867 1733 1083 1801 notaui,
1117 1733 1171 1789 in
1195 1731 1283 1788 has
1296 1732 1471 1788 minus

65 1839 240 1882 tamen
265 1822 496 1881 curiosus
517 1843 674 1902 quam
711 1824 766 1880 in
807 1822 939 1899 ipsas
978 1822 1185 1899 species

114 1955 116 1957 -
180 1914 518 2002 Synonynm,
559 1933 683 1970 cum
707 1914 798 1970 vix
827 1933 887 1970 ac
907 1933 973 1971 ne
995 1914 1085 1969 vix
1109 1911 1322 1990 quidem
1345 1929 1466 1967 vm·-

22 2010 223 2082 unam
264 2004 441 2060 omnia
483 2021 547 2060 ex
590 2002 888 2060 aucloribus
929 2003 1173 2078 colligere
1201 2020 1288 2058 me
1321 2000 1468 2077 posse

62 2114 197 2155 mox
229 2093 599 2168 intelligerem,
642 2092 898 2150 maiorem
927 2108 1102 2151 tamen
1149 2091 1464 2149 eorumdem

63 2184 277 2259 copiam
301 2183 449 2241 attuli
471 2202 626 2262 quam
646 2202 776 2262 quae
794 2182 947 2258 apud¹
974 2184 1138 2241 vllum
1173 2181 1329 2240 alium
1371 2199 1469 2237 oc-

55 2273 230 2336 currit
269 2274 568 2341 melotem,
611 2292 737 2330 cum
774 2275 903 2331 0510
946 2274 1155 2330 circiter
1196 2272 1352 2329 millia
1400 2289 1467 2326 ex

43 2362 451 2442 „quadringentis
475 2362 581 2420 fere
603 2363 961 2421 voluminibus
982 2362 1153 2420 hausta
1173 2361 1466 2439 synonyma

65 2454 130 2511 ad
159 2452 454 2510 Mammalia
483 2443 713 2510 animalia
733 2452 1010 2528 speelantia
1030 2452 1350 2527 collegerim,
1390 2450 1466 2505 in-

65 2561 170 2620 que
189 2541 298 2600 hoc
326 2540 464 2600 libro
496 2544 600 2605 iam
631 2540 810 2605 fistam.
942 2543 1083 2602 Inter
1123 2542 1251 2601 haec
1290 2555 1466 2599 autem

744 2653 773 2690 a
804 2650 846 2710 4
1267 2706 1269 2708 η
1400 2648 1467 2686 ne
