1605 3018
287 98 780 143 MAMMALIA.
918 90 1034 138 Gliss
1298 99 1379 151 365

211 214 413 279 Karhpsch
441 221 540 258 circa
559 215 757 258 Simbirsk.

211 359 433 416 Longitudo
456 359 628 412 corporis
656 369 684 413 9
699 380 712 387 ·
728 369 786 401 10
814 359 1022 416 pollicum,
1061 357 1209 400 caudae
1241 369 1266 400 2
1288 359 1382 411 poll.

280 432 408 469 Bucca
429 428 607 481 vtrinque
627 423 785 468 saccata.
841 427 1038 481 'Mystaces
1056 428 1202 479 nigrae.
1269 429 1384 466 Auri·

280 494 390 535 culae
410 507 602 547 magnae,
635 494 870 534 rotundatae.
938 495 1053 535 Oculi
1081 494 1194 547 nigri.
1262 493 1383 534 Color

281 563 417 616 capitis
439 573 478 602 et
499 561 595 602 dorsi
617 575 667 602 ex
685 558 768 601 rufo
787 557 922 601 fuscus.
988 563 1126 602 Genae
1147 561 1273 601 albae.
1322 564 1383 600 In·

282 627 344 670 fra
362 641 563 683 Vtramque
589 642 723 668 aurem
735 629 888 668 macula
908 627 1013 680 alba,
1045 629 1199 682 aliaque
1227 629 1269 668 in
1291 643 1383 682 quo-

280 698 337 738 vis
355 697 540 746 humero,
569 707 609 736 et
627 697 739 736 tertia
759 708 882 748 prope
903 709 1010 735 crura
1031 695 1252 748 posteriora.
1320 695 1386 735 Ad

283 764 407 804 latera
435 763 533 804 dorfi
560 763 737 816 vtrinque
756 763 908 802 macula
937 762 1077 815 depilis
1116 758 1246 803 setosa.
1314 766 1385 802 Pe-

284 832 363 871 &us
395 845 482 871 cum
522 829 693 870 cruribus
725 827 990 870 anterioribus.
1016 826 1143 882 supra,
1186 841 1226 868 et
1252 842 1387 870 ventre

286 899 458 951 nigrum.
527 896 664 938 Gauda
690 895 836 946 breuis,
868 892 1052 936 subnuda.
1125 896 1252 937 Pedes
1297 897 1386 936 bre-

283 979 364 1006 ves.
394 966 553 1006 Palmae
582 964 712 1016 digitis
734 974 894 1017 quatuor
926 977 1013 1003 cum
1040 975 1169 1015 vngue
1200 965 1386 1016 pollicari,

286 1033 444 1085 plantae
468 1031 595 1086 digitis
620 1032 804 1086 quinque.
834 1028 960 1085 Cystis
989 1028 1106 1071 fellea
1133 1031 1252 1071 nulla.

224 1175 399 1218 Varietas
414 1175 545 1227 nigra,
577 1173 754 1226 pedi-bus,
791 1186 858 1213 ore
879 1184 916 1213 et
933 1174 1191 1214 auricularum
1210 1178 1389 1230 margine

288 1243 406 1293 albis,
437 1242 502 1295 fig.
523 1243 565 1281 in
580 1242 689 1281 titulo
718 1232 1027 1294 monogr-aphiae
1044 1241 1303 1283 Sulzerianae.
1325 1244 1390 1283 Est

288 1323 445 1364 quoque
491 1300 656 1361 vulgaris
692 1309 735 1350 in
774 1299 1247 1351 defertis'australiorjbus
1274 1312 1391 1364 regni

287 1377 436 1418 Ruffici.

220 1501 391 1544 Habitat
409 1500 450 1540 in
479 1500 711 1550 Germania,
756 1500 936 1550 polonia,
979 1500 1172 1551 Vkmnia,
1220 1502 1263 1545 in
1296 1503 1392 1544 locis

288 1567 468 1609 arenosis.
1361 1560 1366 1564 ⁵

223 1688 428 1733 Cauernas
447 1688 563 1741 fodit,
599 1687 725 1731 senior
753 1688 1048 1742 profundiores,
1074 1686 1145 1730 sub
1168 1702 1277 1742 terra,
1309 1693 1393 1744 plu·

293 1759 398 1799 rimis
420 1757 843 1807 concamerationibus,
879 1757 1023 1810 duplici
1043 1756 1243 1808 foramine,
1273 1761 1394 1800 altero

294 1825 455 1879 obliquo
474 1825 600 1875 aditu,
632 1818 754 1864 altero
773 1826 1101 1877 perpendiculari.
1138 1827 1300 1880 Colligit
1319 1825 1413 1879 fru-¹

296 1903 486 1942 mentum,
521 1888 616 1945 pisa,
646 1890 767 1941 fabas,
787 1889 938 1942 fiuclus,
972 1893 1012 1932 in
1034 1893 1212 1935 distinc‘iis
1234 1895 1396 1934 cameris

296 1956 485 2000 seruanda
508 1959 678 1999 distincta
700 1970 815 2012 atque
832 1958 978 2010 singula
989 1973 1003 2006 ,·
1055 1959 1231 2012 adportat
1248 1975 1296 2001 ea
1326 1976 1398 2001 no-

293 2028 430 2068 fiurno
443 2038 621 2079 tempore
641 2028 684 2066 in
704 2025 841 2076 bucca.v
854 2027 949 2066 Raro
981 2038 1098 2079 potat.
1117 2029 1219 2068 Parit
1246 2027 1308 2069 bis
1336 2029 1398 2069 vel

298 2105 359 2134 ter
378 2094 420 2134 in
442 2108 545 2134 anno
573 2090 683 2146 super
702 2091 883 2133 stramine
902 2090 965 2134 sex
995 2093 1044 2133 ad
1082 2093 1289 2136 duodecim
1316 2096 1398 2148 pul-

299 2163 359 2202 los
383 2175 546 2211 coecos,
571 2161 709 2201 itidem
741 2161 783 2200 in
801 2162 955 2214 propria
982 2174 1131 2203 camera
1159 2164 1400 2214 nutriendos,

294 2227 352 2269 vti'
367 2230 486 2269 etiarn
504 2228 787 2282 sterquilinium
814 2228 856 2267 in
877 2228 1057 2269 distincta.
1126 2231 1339 2271 Iracundus
1362 2242 1403 2270 et

299 2296 475 2336 mordax.
505 2298 644 2338 Latrat.
676 2295 870 2336 Hibernat
886 2292 1152 2337 subterraneus
1170 2292 1305 2338 sonmo
1316 2311 1400 2350 pro-

294 2360 432 2404 fundo.

236 2481 400 2538 Capitur
429 2485 481 2527 ob
516 2500 670 2537 carnes,
714 2486 860 2539 pelles,
911 2483 1148 2526 frumentum
1178 2482 1405 2533 c0U1e3um3

305 2552 492 2596 occiditur
516 2555 677 2608 puluere
695 2554 852 2596 Veram-i
877 2551 1001 2597 farina
1025 2565 1065 2593 et
1089 2553 1208 2592 melle
1226 2553 1270 2593 in
1282 2566 1405 2604 panes

297 2619 405 2659 coffi.

1163 2693 1404 2744 tscherkes·
