1610 3028
292 88 409 131 MA
437 88 485 131 M
514 89 561 129 M
589 90 630 130 A·
655 90 686 130 L
714 91 733 130 1
759 92 807 132 A.
846 99 884 116 Ὗ·
901 87 1252 144 Myrmecophaga,
1363 100 1420 142 97

190 229 193 231 ·
229 210 321 249 Der
339 208 509 248 mittlere
530 208 753 260 vierzeeige
771 203 1094 249 Ameisenfi·effer
1125 209 1253 253 Mart.
1269 207 1416 248 Natur-

303 275 377 315 lex.
407 276 508 328 Hp.
525 273 632 329 276.

237 405 460 460 Longitudo
479 409 650 460 corporis
679 407 728 457 1}
750 407 842 461 ped.
864 420 905 448 et
918 409 1025 452 vltra.
1057 408 1229 449 Rostrum
1239 408 1415 461 longum,

303 474 459 528 gracile,
480 475 693 526 paullulum
715 472 894 515 deorsum
916 487 1129 517 curuatum‚
1163 479 1218 516 Os
1241 490 1413 528 paruum,

300 543 468 594 nigrum.
526 543 644 581 Oculi
676 542 833 591 minuti,
857 543 973 594 nigri.
1035 543 1242 582 Auriculae
1260 542 1414 592 breues,

302 609 468 650 ereStae.
503 610 662 649 Collum
687 605 989 652 craffiusculunr.
1014 610 1166 661 Corpus
1187 611 1275 662 pilis
1287 606 1412 662 splen·

301 673 486 715 dentibus
509 674 746 725 durioribus,
777 675 924 726 pallide
941 677 1060 727 flauis,
1092 677 1134 715 iu
1151 676 1286 715 medio
1301 673 1411 716 dorso

301 754 341 783 et
362 734 535 781 cruribus
564 735 716 794 posticis
734 739 1036 785 obscurioribus.
1070 743 1188 795 Plaga
1208 743 1412 795 pefftorafis

299 808 471 850 lateralis
491 811 615 862 nigra.
658 805 795 848 Cauda
825 806 912 848 fere
950 809 1197 860 longitudine
1230 811 1411 862 corporis,

299 875 550 929 prehenfilis,
570 885 783 925 attenuata,
811 872 932 928 pilosa
959 877 1070 928 apice
1100 875 1218 916 nuda.
1289 877 1415 929 Digiti

300 953 494 1000 4-5·.‹

236 1077 405 1121 Habitat
423 1078 465 1118 iu
484 1072 671 1118 Anierica
696 1074 966 1126 meridionali,
999 1077 1094 1116 vi5ffiu
1116 1088 1156 1116 et
1175 1075 1346 1117 moribus
1359 1079 1412 1117 iu-

301 1145 429 1186 batae.
502 1143 640 1184 Gauda
671 1141 709 1183 se
741 1158 790 1183 ex
818 1142 1000 1182 arborum
1046 1145 1162 1184 ramis
1209 1141 1412 1197 suspendit-

298 1212 494 1252 Neam-na
516 1210 582 1250 die
606 1211 759 1260 dormit,
776 1211 901 1261 capito
917 1206 982 1248 sub
1006 1209 1171 1250 brachiis
1190 1210 1410 1251 recondito.

301 1280 402 1318 Irata
421 1277 603 1316 baculum
625 1276 859 1330 prehendit„
880 1278 1011 1317 Stertit
1031 1277 1305 1329 posterioribus
1344 1292 1411 1330 pe-

303 1343 418 1384 dibus
440 1343 624 1386 inficiens.
659 1348 813 1384 Partem
837 1357 962 1396 aquae
977 1356 1094 1396 potae
1112 1358 1185 1397 per
1206 1358 1321 1387 nares
1345 1346 1411 1384 eii-

301 1412 370 1462 eit,
404 1411 509 1466 quod
532 1423 571 1452 et
589 1411 748 1465 reliquis
767 1409 970 1450 familiare,

645 1543 672 1570 *
804 1542 830 1570 ss
964 1543 989 1571 *

240 1671 376 1710 Fetum
396 1663 772 1722 Myrmecophagae
794 1663 979 1707 describit
1009 1663 1153 1710 doaiff.
1191 1666 1318 1708 Pallas
1345 1670 1413 1709 mi-

295 1735 401 1786 scell.
416 1748 455 1790 p.
478 1736 540 1785 64
574 1749 688 1789 quam
709 1736 840 1787 afram
859 1747 969 1776 vocat
1003 1748 1027 1773 e
1054 1736 1320 1786 promontorio
1341 1735 1411 1776 bo-

303 1815 382 1849 nae
400 1797 491 1854 speiss
543 1805 622 1841 Aut
650 1803 805 1854 propria
840 1798 987 1854 species
1018 1801 1088 1850 est,
1131 1812 1196 1841 aut
1215 1801 1414 1857 tridanstyla

305 1864 419 1908 forte.
449 1871 563 1908 Fetus
583 1870 688 1908 mole
709 1868 762 1907 est
780 1865 864 1907 fere
885 1868 1051 1920 porcelli
1067 1879 1208 1908 recens
1231 1870 1322 1920 nati,
1342 1885 1413 1910 nu-

309 1933 382 1973 dus
404 1933 545 1984 adhuc,
571 1945 843 1988 praeterquam
864 1933 970 1988 quod
991 1935 1062 1986 pili
1082 1935 1160 1973 rari
1180 1933 1413 1987 longiusculi

306 2002 412 2053 nigri
431 2000 481 2040 ad
503 2015 544 2041 os
567 2012 607 2040 et
631 2002 671 2040 in
702 1998 871 2053 pedibus
901 1998 1111 2053 sparh'ssimi
1150 1998 1411 2054 obser-nentur,

242 2115 246 2119 ἱ
299 2066 525 2119 μ(ζι-Εῐηάοϊεὲε
547 2068 588 2107 in
607 2066 804 2120 palpebris
825 2079 864 2107 et
885 2067 936 2106 ad
958 2068 1079 2107 talum
1097 2068 1246 2120 pedum
1267 2071 1410 2109 antico-

306 2147 403 2174 rum.
437 2136 590 2186 Corpus
610 2131 784 2175 crafl'um.
846 2135 974 2186 Caput
1002 2135 1250 2187 elongatum,
1285 2138 1412 2188 magis

307 2215 426 2254 quam
452 2201 494 2241 in
534 2199 794 2256 tetradaffiyla‚
825 2200 963 2250 rostro,
995 2201 1101 2255 quod
1123 2216 1230 2253 pone
1257 2203 1412 2254 apicem

308 2265 470 2307 craffum
490 2278 529 2307 et
549 2267 831 2317 obtufiffimum,
854 2267 958 2320 quafi
979 2269 1188 2309 consti-iero.
1219 2271 1342 2310 Nares
1370 2272 1414 2310 in

305 2335 420 2386 apice
443 2334 570 2384 rostri,
625 2335 940 2386 approximatae,
973 2335 1144 2374 lunatae.
1203 2337 1413 2376 Auriculae

304 2402 474 2440 maiores
493 2413 610 2453 quam
646 2402 687 2440 in
709 2400 1008 2453 congeneribus,
1028 2399 1237 2453 oblongae,
1269 2414 1412 2451 acutae,

306 2466 460 2519 planae,
480 2467 689 2519 pendulae.
726 2467 853 2508 Pedes
873 2467 1051 2518 humiles,
1072 2465 1159 2508 fere
1179 2468 1297 2517 vrfini,
1318 2470 1412 2508 anti*

310 2534 347 2570 ci
376 2532 635 2587 tetrada&le
666 2533 945 2587 digito-medio
965 2534 1158 2585 longiore,
1187 2535 1331 2574 extimo
1343 2534 1413 2573 mi-

309 2589 412 2637 nore*
456 2600 628 2653 reliquis.
715 2603 880 2653 Vngues
904 2633 907 2637 .
930 2601 1146 2640 anticorum
1202 2600 1414 2652 longiores,

246 2663 359 2706 Erxl.
368 2665 565 2706 Mammal.
833 2668 870 2713 G
1232 2665 1410 2715 oninium
